% $Id: corba.bib,v 1.1 2002/08/13 12:20:21 rittinge Exp $
% convention for keys: <first name>[.ea]:<first "real" title word>:<year>

@string{sv = {Springer-Verlag}}
@string{lncs = {LNCS}}

@Book{stepney:object:1990,
  author = 	 {Stepney, S.},
  ALTeditor = 	 {},
  title = 	 {Object Orientation in Z},
  publisher = 	 {Springer-Verlag},
  year = 	 {1990},
  OPTkey = 	 {},
  OPTvolume = 	 {},
  OPTnumber = 	 {},
  OPTseries = 	 {},
  OPTaddress = 	 {},
  OPTedition = 	 {},
  OPTmonth = 	 {},
  OPTnote = 	 {CF/3.1/7},
  OPTannote = 	 {},
  printed =      {no},
}


@Book{smith:object:1999,
  author = 	 {Smith, G.},
  ALTeditor = 	 {Michael Hinchey},
  title = 	 {The Object-Z Specification Language},
  publisher = 	 {Kluwer Academic Publishers},
  year = 	 {1999},
  OPTkey = 	 {},
  OPTvolume = 	 {},
  OPTnumber = 	 {},
  OPTseries = 	 {Advances in Formal Methods},
  OPTaddress = 	 {},
  OPTedition = 	 {},
  OPTmonth = 	 {},
  OPTnote = 	 {},
  OPTannote = 	 {},
  printed =      {no},
}


@Article{sandhu.ea:RBAC:1996,
  author = 	 {Ravi S. Sandhu and Edward J. Coyne and Hal L.
                 Feinstein and Charles E. Youman},
  title = 	 {Role-Based Access Control Models},
  journal = 	 {IEEE Computer},
  year = 	 {1996},
  OPTkey = 	 {},
  volume = 	 {29},
  number = 	 {2},
  pages = 	 {38--47},
  month = 	 feb,
  OPTnote = 	 {},
  OPTannote = 	 {},
  printed =      {no},
}


@Manual{omg:CORBA:2.4:2000,
  title = 	 {{The Common Object Request Broker: Architecture and Specification}},
  OPTkey = 	 {},
  OPTauthor = 	 {},
  organization = {OMG},
  OPTaddress = 	 {},
  edition = 	 {2.4},
  month = 	 {October},
  year = 	 {2000},
  OPTnote = 	 {},
  OPTannote = 	 {formal/00-10-01},
  printed =      {yes},
}


@Manual{omg:Security:1.5:2000,
  title = 	 {{Security Service Specification}},
  OPTkey = 	 {},
  OPTauthor = 	 {},
  organization = {OMG},
  OPTaddress = 	 {},
  edition = 	 {1.5},
  month = 	 {May},
  year = 	 {2000},
  OPTnote = 	 {},
  OPTannote = 	 {formal/00-06-25},
  printed =      {yes},
}


@TechReport{omg:white:1994,
  author =       {Belinda Fairthorne},
  title =        {{OMG} White Paper on Security},
  year =         {1994},
  institution =  {OMG Security Working Group},
  number =       {1.0},
  month =        apr,
  keywords =     {CORBA, Security Architecture},
  printed =      {yes}
}


@Book{gollmann:computer:1999,
  author = 	 {Dieter Gollmann},
  ALTeditor = 	 {},
  title = 	 {Computer Security},
  publisher = 	 {John Wiley \& Sons},
  year = 	 {1999},
  OPTkey = 	 {},
  OPTvolume = 	 {},
  OPTnumber = 	 {},
  OPTseries = 	 {},
  OPTaddress = 	 {},
  OPTedition = 	 {},
  OPTmonth = 	 {},
  OPTnote = 	 {},
  OPTannote = 	 {Frei 91: CC/2.0/41},
  printed =      {no},
}


@InProceedings{beznosov.ea:framework:1999,
  author = 	 {Konstantin Beznosov and Yi Deng},
  title = 	 {A Framework for Implementing Role-based Access Control
                 Using {CORBA Security} Service},
  booktitle = 	 {Fourth ACM Workshop on Role-Based Access Control},
  OPTcrossref =  {},
  OPTkey = 	 {},
  pages = 	 {19--30},
  year = 	 {1999},
  OPTeditor = 	 {},
  OPTvolume = 	 {},
  OPTnumber = 	 {},
  OPTseries = 	 {},
  OPTaddress = 	 {},
  OPTmonth = 	 {},
  OPTorganization = {},
  OPTpublisher = {},
  OPTnote = 	 {},
  OPTannote = 	 {},
  abstract =     {The paper shows how role-based access control (RBAC)
                 models could be implemented using CORBA Security
                 service. A configuration of CORBA protection system is
                 defined. We provide definitions of RBAC0 and RBAC1
                 implementations in the framework of CORBA Security and
                 describe what is required from an implementation of
                 CORBA Security service in order to support RBAC0- RBAC3
                 models.},
  printed =      {yes},
}



